@book{koza92,
		author    = "Koza, John R.",
		title     = "Genetic Programming: On the Programming of Computers by Means of Natural Selection",
		publisher = "MIT Press",
		year      = "1992"
}


@misc{ wiki:latex,
       author = "Wikipedia",
       title = "LaTeX --- Wikipedia{,} La enciclopedia libre",
       year = "2015",
       url = "https://es.wikipedia.org/w/index.php?title=LaTeX&oldid=84209252",
       note = "[Internet; descargado 30-septiembre-2015]"
}

@misc{ indices,
       author = "David Brimley",
	title= "LaTeX, Wikipedia{,} La enciclopedia libre",
        howpublished = {\url{https://https://www.elastic.co/es/blog/what-is-an-elasticsearch-index}},
        note = "[Consultado el 21 de junio de 2024]"
}

@misc{ elk,
       author = "Sergio Losada",
       title = "Â¿Que es ELK? ElasticSearch, Logstash y Kibana",
       year = "2018",
       url = "https://openwebinars.net/blog/que-es-elk-elasticsearch-logstash-y-kibana/",
       note = "Consultado el 21 de junio"
}
