
@misc{ArquitecturaELK,
        author="Julio Pari",
	title="ELK – ElasticSearch, Logstash y Kibana",
        year="2020",
	month={Abril},
        howpublished = {\url{https://arquitecturacloud.com/elk-elasticsearch-logstash-y-kibana/}},
        note = "[Consultado el 22 de mayo de 2024]"
}

@misc{ProcesoETL,
        author="Ejona Hoxa",
	title="La importancia de un proceso ETL en el Business Intelligence",
        year="2024",
	month={Abril},
        howpublished = {\url{https://algoritmia8.com/2022/11/23/la-importancia-de-un-proceso-etl-en-el-business-intelligence/}},
        note = "[Consultado el 22 de mayo de 2024]"
}

@misc{PowerBii,
        author="Profesional Online",
	title="¿Qué es Power BI de Microsoft?",
        howpublished = {\url{https://www.profesionalonline.com/blog/big-data/que-es-power-bi-de-microsoft/}},
        note = "[Consultado el 28 de mayo de 2024]"
}

@misc{Spoon,
        author="Paula Martín",
	title="¿Qué es Pentaho Data Integration (PDI) y para qué sirve?",
        howpublished = {\url{https://itop.academy/blog/item/que-es-pentaho-data-integration-pdi-y-para-que-sirve.html}},
        note = "[Consultado el 28 de mayo de 2024]"
}

@misc{Qlik,
        author="Qlik",
	title="Trabajar con apps",
        howpublished = {\url{https://help.qlik.com/es-ES/cloud-services/Subsystems/Hub/Content/Sense_Hub/Visualizations/create-apps-visualizations.html}},
        note = "[Consultado el 28 de mayo de 2024]"
}

@misc{Hadoop,
        author="ASF Infrabot",
	title="ProjectDescription",
        howpublished = {\url{https://cwiki.apache.org/confluence/display/HADOOP2/ProjectDescription}},
        note = "[Consultado el 28 de mayo de 2024]"
}

@misc{ wiki:ETL,
       author = "Wikipedia",
       title = "Extract, transform and load",
       year = "2018",
       howpublished = {\url{https://https://es.wikipedia.org/wiki/Extract,_transform_and_load}},
        note = "[Consultado el 22 de mayo de 2024]"
}

@misc{ ETL2,
       author = "Jim Goodnight",
       title = "ETL What it is and why it matters",
       year = "2018",
       howpublished = {\url{https://www.sas.com/en_us/insights/data-management/what-is-etl.html}},
        note = "[Consultado el 22 de mayo de 2024]"
}

@misc{Monitorización,
        author="Iker Castaños",
	title="¿En que consiste la monitorizacion de sistemas?",
        howpublished = {\url{https://www.semantic-systems.com/semantic-noticias/articulos-tecnologicos/en-que-consiste-la-monitorizacion-de-sistemas/}},
        note = "[Consultado el 23 de mayo de 2024]"
}

@misc{Monitorización2,
        author="Solucions IM",
	title="La monitorización de sistemas informáticos en 8 pasos",
        howpublished = {\url{https://www.solucions-im.com/es/la-monitorizacion-de-sistemas-informaticos-en-8-pasos}},
        note = "[Consultado el 24 de mayo de 2024]"
}

@misc{Monitorización3,
        author="Carlos Sobrino",
	title="LA MONITORIZACIÓN DE SISTEMAS Y SUS VENTAJAS",
        howpublished = {\url{https://www.captia.es/blog/monitorizacion-sistemas.html}},
        note = "[Consultado el 23 de mayo de 2024]"
}

@misc{ElasticSearch,
        author="Elastic",
	title="El corazón del Elastic Stack, gratuito y abierto",
        howpublished = {\url{https://www.elastic.co/es/elasticsearch}},
        note = "[Consultado el 22 de mayo de 2024]"
}

@misc{Logstash,
        author="Elastic",
	title="Centraliza, transforma y almacena tus datos",
        howpublished = {\url{https://www.elastic.co/es/logstash}},
        note = "[Consultado el 22 de mayo de 2024]"
}

@misc{Kibana,
        author="Elastic",
	title="Descubre, itera y resuelve con ES|QL en Kibana",
        howpublished = {\url{https://www.elastic.co/es/kibana}},
        note = "[Consultado el 22 de mayo de 2024]"
}

@misc{IoT,
        author="Gillis, Alexander",
	title="What is the internet of things (IoT)?",
        howpublished = {\url{https://www.techtarget.com/iotagenda/definition/Internet-of-Things-IoT}},
        note = "[Consultado el 22 de mayo de 2024]"
}

@misc{Edge,
        author="Huete Sánchez, Mario",
	title="Implementación del paradigma de computación en la frontera en sistemas basados en IoT",
        howpublished = {\url{https://oa.upm.es/62943/}},
        note = "[Consultado el 22 de mayo de 2024]"
}

@misc{WebSocket,
       author = "Microsoft",
	title="The WebSocket API",
        howpublished = {\url{https://learn.microsoft.com/en-us/previous-versions/windows/internet-explorer/ie-developer/dev-guides/hh673567(v=vs.85)?redirectedfrom=MSDN}},
        note = "[Consultado el 22 de mayo de 2024]"
}

@misc{MapReduce,
        author="Grzegorz Czajkowski, Marián Dvorský, Jerry Zhao, and Michael Conley",
	title="Sorting Petabytes with MapReduce - The Next Episode",
        howpublished = {\url{https://research.google/blog/sorting-petabytes-with-mapreduce-the-next-episode/}},
        note = "[Consultado el 22 de mayo de 2024]"
}

@misc{BigData1,
       author = "FundEU",
	title="Macrodatos e inteligencia de datos, alternativas a big data",
        howpublished = {\url{https://www.fundeu.es/recomendacion/macrodatosalternativa-abig-data-1582/}},
        note = "[Consultado el 22 de mayo de 2024]"
}

@misc{BigData2,
        author="Marilín Gonzalo",
	title="Los datos masivos (o big data) son el nuevo oro",
        howpublished = {\url{https://www.eldiario.es/tecnologia/diario-turing/big-data_1_5767121.html}},
        note = "[Consultado el 22 de mayo de 2024]"
}

@misc{PowerBI,
       author = "Microsoft",
	title="Power BI | Interactive Data Visualization BI Tools.",
        howpublished = {\url{https://www.microsoft.com/en-us/power-platform/products/power-bi/}},
        note = "[Consultado el 27 de mayo de 2024]"
}

@article{knn,
  title={Fix and Hodges (1951): An Important Contribution to Nonparametric Discriminant Analysis and Density Estimation: Commentary on Fix and Hodges},
  author={B. W. Silverman and M. C. Jones},
  journal={International Statistical Review / Revue Internationale de Statistique},
  volume={57},
  number={3},
  pages={233--238},
  year={1989},
  publisher={International Statistical Institute (ISI)}
}

@misc{regresion,
       author = "Curvefit",
	title="Introduction to linear regression",
        howpublished = {\url{https://web.archive.org/web/20080222195200/http://www.curvefit.com/linear_regression.htm}},
        note = "[Consultado el 31 de mayo de 2024]"
}

@misc{clustering,
       author = "Jain, Anil K.",
	title="Data Clustering: 50 Years Beyond K-Means",
        howpublished = {\url{https://citeseerx.ist.psu.edu/viewdoc/download?doi=10.1.1.151.4286&rep=rep1&type=pdf}},
        note = "[Consultado el 31 de mayo de 2024]"
}

@article{pca,
  title={LIII. On lines and planes of closest fit to systems of points in space},
  author={Pearson, Karl},
  journal={Philosophical Magazine},
  volume={2},
  number={11},
  pages={559--572},
  year={1901},
  publisher={Philosophical Magazine}
}

@article{scikit,
  title={Scikit-learn: Machine Learning in Python},
  author={Fabian Pedregosa, Gaël Varoquaux, Alexandre Gramfort, Vincent Michel, Bertrand Thirion, Olivier Grisel, Mathieu Blondel, Peter Prettenhofer, Ron Weiss, Vincent Dubourg, Jake Vanderplas, Alexandre Passos, David Cournapeau, Matthieu Brucher, Matthieu Perrot, Édouard Duchesnay},
  journal={Journal of Machine Learning Research},
  volume={12},
  number={85},
  pages={2825-2830},
  year={2011},
}

@misc{jupyter,
       author = "Fernando Perez",
	title="Project Jupyter",
        howpublished = {\url{https://speakerdeck.com/fperez/project-jupyter}},
        note = "[Consultado el 2 de junio de 2024]"
}

@misc{python,
       author = "Python",
	title="Python",
        howpublished = {\url{https://es.wikipedia.org/wiki/Python#}},
        note = "[Consultado el 2 de junio de 2024]"
}

@misc{code,
       author = "Microsoft",
	title="Getting started with Visual Studio Code",
        howpublished = {\url{https://code.visualstudio.com/docs}},
        note = "[Consultado el 2 de junio de 2024]"
}

@misc{github,
       author = "IONOS",
	title="¿Qué es GitHub? - Control de versiones de un vistazo",
        howpublished = {\url{https://www.ionos.mx/digitalguide/paginas-web/desarrollo-web/github/}},
        note = "[Consultado el 2 de junio de 2024]"
}

@misc{overleaf,
       author = "Overleaf",
	title="Write, collaborate, and create with Overleaf",
        howpublished = {\url{https://www.overleaf.com/about/features-overview}},
        note = "[Consultado el 2 de junio de 2024]"
}

@misc{tableau,
       author = "Salesforce",
	title="Tableau Server: analisis de autoservicio gobernado escalable",
        howpublished = {\url{https://www.tableau.com/es-es/products/server}},
        note = "[Consultado el 4 de junio de 2024]"
}

@misc{splunk,
       author = "Cisco",
	title="Splunk Enterprise",
        howpublished = {\url{https://www.splunk.com/en_us/products/splunk-enterprise.html}},
        note = "[Consultado el 4 de junio de 2024]"
}